@Article{Wiese2014,
    author="Wiese, L.",
    title="Clustering-based fragmentation and data replication for flexible query answering in distributed databases",
    journal="Journal of Cloud Computing",
    year="2014",
    month="Oct",
    day="28",
    volume="3",
    number="1",
    pages="18",
    abstract="One feature of cloud storage systems is data fragmentation (or sharding) so that data can be distributed over multiple servers and subqueries can be run in parallel on the fragments. On the other hand, flexible query answering can enable a database system to find related information for a user whose original query cannot be answered exactly. Query generalization is a way to implement flexible query answering on the syntax level. In this paper we study a clustering-based fragmentation for the generalization operator Anti-Instantiation with which related information can be found in distributed data. We use a standard clustering algorithm to derive a semantic fragmentation of data in the database. The database system uses the derived fragments to support an intelligent flexible query answering mechanism that avoids overgeneralization but supports data replication in a distributed database system. We show that the data replication problem can be expressed as a special Bin Packing Problem and can hence be solved by an off-the shelf solver for integer linear programs. We present a prototype system that makes use of a medical taxonomy to determine similarities between medical expressions.",
    issn="2192-113X",
    doi="10.1186/s13677-014-0018-0",
    url="https://doi.org/10.1186/s13677-014-0018-0"
}

@Article{Lee2017,
    author="Lee, C. H. and Yoon, H.-J.",
    title="Medical big data: promise and challenges",
    journal="Kidney research and clinical practice",
    year="2017",
    volume="36",
    number="1",
    pages="3--11"
}

@Incollection{Tan2009,
    author="Tan, K.-L.",
    editor="Liu, L. and Tamer Özsu, M.",
    title="Distributed Database Systems",
    bookTitle="Encyclopedia of Database Systems",
    year="2009",
    publisher="Springer US",
    address="Boston, MA",
    pages="894--896",
    isbn="978-0-387-39940-9",
    doi="10.1007/978-0-387-39940-9_701",
    url="https://doi.org/10.1007/978-0-387-39940-9_701"
}

@Incollection{Sattler2009DistJoin,
    author="Sattler, K.-U.",
    editor="Liu, L. and Tamer Öszu, M.",
    title="Distributed Join",
    bookTitle="Encyclopedia of Database Systems",
    year="2009",
    publisher="Springer US",
    address="Boston, MA",
    pages="904--908",
    isbn="978-0-387-39940-9",
    doi="10.1007/978-0-387-39940-9_705",
    url="https://doi.org/10.1007/978-0-387-39940-9_705"
}


@Book{Ozsu1991,
    author = {Tamer Özsu, M. and Valduriez, P.},
    title = {Principles of Distributed Database Systems},
    year = {1991},
    isbn = {0-13-691643-0},
    publisher = {Prentice-Hall, Inc.},
    address = {Upper Saddle River, NJ, USA},
} 


@Misc{MeSH,
    title={Medical Subject Headings},
    author={U.S. National Library of Medicine},
    year={2018},
    month={Nov},
    day={29},
    url={https://www.nlm.nih.gov/mesh/},
    note={Accessed 13th Dec 2018}
}

@Misc{Ignite,
    title={Open source memory-centric distributed database, caching, and processing platform - Apache Ignite\texttrademark},
    author={The Apache Software Foundation},
    year={2018},
    url={https://ignite.apache.org/},
    note={Accessed 21th Dec 2018}
}

@Misc{UMLS::Sim,
    title={UMLS::Similarity},
    author={Pedersen, T.},
    url={http://umls-similarity.sourceforge.net/},
    note={Accessed 21th Dec 2018},
    year={2009}
}


@Article{McInnes2009,
    title={UMLS-Interface and UMLS-Similarity: Open Source Software for Measuring Paths and Semantic Similarity},
    author={McInnes, B. T. and Pedersen, T. and Pakhomov, S. V. S.},
    journal={Annual Symposium Proceedings Archive (AMIA)},
    year={2009},
    month={Nov},
    day={14},
    pages={431--435}
}


@Misc{UMLS,
    title={Unified Medical Language System (UMLS)},
    author={U.S. National Library of Medicine}, 
    year={2016},
    month={April},
    day={20},
    url={https://www.nlm.nih.gov/research/umls/},
    note={Accessed 21th Dec 2018}
}


@Article{Jadhav2017,
    title={An Overview of Distributed Database System’s Advantages and its Problem Areas},
    author={Jadhav, S. and Gawande, A.},
    journal={International Journal of Innovative Research in Computer and Communication Engineering (IJIRCCE)},
    volume={5},
    number={2},
    year={2017},
    month={February},
    pages={2579--2581},
    doi={10.15680/IJIRCCE.2017.0502143},
    issn={2320-9801},
    url={http://www.ijircce.com/upload/2017/february/143_10_paper%20ddc_new.pdf}
}


@Article{Kumar2013,
    title={Enhanced "One Phase Commit Protocol" In Transaction Management},
    author={Kumar, N. and Kumar, A. and Alam, I.},
    journal={International Journal of Soft Computing and Engineering (IJSCE)},
    volume={3},
    number={4},
    year={2013},
    month={September},
    pages={221--225},
    issn={2231-2307},
    url={https://www.researchgate.net/publication/259746020_Enhanced_One_Phase_Commit_Protocol_In_Transaction_Management}
}


@Book{Ramakrish2000,
    title={Database Management Systems},
    edition={2},
    author={Ramakrishnan, R. and Gehrke, J.},
    year={2000},
    publisher={McGraw-Hill Education},
    isbn={0-07-246535-2},
    url={http://agce.sets.edu.in/cse/ebook/DBMS%20BY%20RAGHU%20RAMAKRISHNAN.pdf},
    note={Accessed at 10th Jan 2019}
}


@Article{Haarbrandt2018,
    title={HIGHmed -- An Open Platform Approach to Enhance Care and Research across Institutional Boundaries},
    author={Haarbrandt, B. and Schreiweis, B. and Rey, S. and Sax, U. and others},
    journal={Methods of Information in Medicine},
    volume={57},
    number={S 01},
    year={2018},
    month={Jul},
    pages={e66--e81},
    doi={10.3414/ME18-02-0002},
    url={https://doi.org/10.3414/ME18-02-0002}
}

@Inbook{Sattler2009DistQuer,
    author={Sattler, K.-U.},
    editor={Liu, L. and Tamer Öszu, M.},
    title={Distributed Query Processing},
    bookTitle={Encyclopedia of Database Systems},
    year={2009},
    publisher={Springer US},
    address={Boston, MA},
    pages={912--917},
    isbn={978-0-387-39940-9},
    doi={10.1007/978-0-387-39940-9_704},
    url={https://doi.org/10.1007/978-0-387-39940-9_704}
}