@article{art:someArticle,
    author =    "Some Guy",
    title =     "Some Title",
    journal =   "Some Journal",
    volume =    "1",
    number =    "1",
    pages =     "11--15",
    year =      "1999",
    DOI =       "http://dx.doi.org/some\_doi"
}

@journal{}